
@misc {WhatIsBlockchain,
    url = {https://www.ibm.com/topics/what-is-blockchain},
    year = {2022},
    title = {What is Blockchain Technology?},
    author = {{IBM}},
}

@misc {IsBitcoinEthical,
    url = {https://www.business.rutgers.edu/business-insights/bitcoin-ethical-currency-not-according-professors-new-research},
    year = {2018},
    title = {Is bitcoin an ethical currency? Not according to professor's new research},
    author = {{Rutgers Business School Newark and New Brunswick}}
}

@misc {TrackingStolenCrypto,
    url = {https://www.washingtonpost.com/technology/2021/09/22/stolen-crypto/},
    year = {2021},
    title = {Tracking stolen crypto is a booming business: How blockchain sleuths recover digital loot},
    author = {{Dalvin Brown}}
}

@misc {RiskOfMachineLearningBias,
    url = {https://sloanreview.mit.edu/article/the-risk-of-machine-learning-bias-and-how-to-prevent-it/},
    year = {2018},
    title = {The Risk of Machine-Learning Bias (And How to Prevent It)},
    author = {{Chris DeBrusk}}
}

@misc {LimitsOfEthicalInvesting,
    url = {https://www.npr.org/2022/01/11/1072207126/ethical-investing-with-esg-funds},
    year = {2022},
    title = {Understanding the promises and limits of ethical investing},
    author = {{Lauren Migaki}, {Andee Tagle}}
}

@misc {ShrinkingDLCarbonFootprint,
    url = {https://news.mit.edu/2020/shrinking-deep-learning-carbon-footprint-0807},
    year = {2020},
    title = {Shrinking deep learning's carbon footprint},
    author = {{Kim Martineau}}
}

@misc {BitcoinImpactOnClimate,
    url = {https://news.climate.columbia.edu/2021/09/20/bitcoins-impacts-on-climate-and-the-environment/},
    year = {2021},
    title = {Bitcoin's Impacts on Climate and the Environment},
    author = {{Renee Cho}}
}

@article {ForecastingAndTradingCryptoWithML,
    url = {https://jfin-swufe.springeropen.com/articles/10.1186/s40854-020-00217-x},
    year = {2021},
    title = {Forecasting and trading cryptocurrencies with machine learning under changing market conditions},
    author = {{Helder Sebastio}, {Pedro Godinho}},
    journal = "SpringerOpen"
}

@article {LSTMSentimentAnalysis,
    url = {https://www.ncbi.nlm.nih.gov/pmc/articles/PMC7959635/},
    year = 2021,
    title = {LSTM-based sentiment analysis for stock price forecast},
    author = {{Ching-Ru Ko}, {Hsien-Tsung Chang}},
    journal = "National Library of Medicine"
}

@article {MeanVarianceAlgorithmicTrading,
    url = {https://towardsdatascience.com/algorithmic-trading-based-on-mean-variance-optimization-in-python-62bdf844ac5b},
    year = {2019},
    title = {Algorithmic trading based on mean-variance optimization in Python},
    author = {Eryk Lewinson},
    journal = "Towards Data Science"
}

@online {ConstantRebalancedPortfolios,
    url = {https://www.chrisstucchio.com/blog/2015/constant_rebalanced_portfolios.html},
    year = {2015},
    title = {Constant Rebalanced Portfolios - some simulations with numpy}
}

@article {CryptocurrenciesFinancialInclusion,
    url = {https://www.weforum.org/agenda/2021/06/cryptocurrencies-financial-inclusion-help-shape-it/},
    year = {2021},
    title = {Cryptocurrencies can enable financial inclusion. Will you participate?},
    author = {{Chrintine Moy} {Jill Carlson}},
    journal = "World Economic Forum"
}

@article{LSTMSentimentAnalysisForStockPriceForecast,
  author =       "Ko, Ching-Ru, and Hsien-Tsung Chang",
  title =        "{LSTM-based sentiment analysis for stock price forecast}",
  journal =      "PeerJ. Computer science",
  volume =       "7",
  number =       "e408",
  year =         "2021",
  DOI =          "https://doi.org/10.7717/peerj-cs.408"
}

@online{GentleIntroductionToLSTMNetworks,
  author = {Jason Brownlee},
  title = {A Gentle Introduction to Long Short-Term Memory Networks by the Experts},
  year = 2017,
  url = {https://machinelearningmastery.com/gentle-introduction-long-short-term-memory-networks-experts/},
  urldate = {2022-03-31}
}

@online{UnderstandingLSTMs,
  author = {Christopher Olah},
  title = {Understanding LSTM Networks},
  year = 2015,
  url = {https://colah.github.io/posts/2015-08-Understanding-LSTMs/},
  urldate = {2022-03-31}
}

@article{IllustratedGuideToLSTMs,
  author =       "Michael Phi",
  title =        "{Illustrated Guide to LSTM's and GRU's: A step by step explanation}",
  journal =      "Towards Data Science",
  year =         "2018",
  DOI =          "https://towardsdatascience.com/illustrated-guide-to-lstms-and-gru-s-a-step-by-step-explanation-44e9eb85bf21"
}

@online{HowLSTMsWork,
  author = {Isabella Grandic},
  title = {How LSTMS work},
  year = 2019,
  url = {https://izzygrandic.medium.com/how-lstms-work-263ac4e412ba},
  urldate = {2022-03-31}
}

@article{UsingLSTMInStockPricePrediction,
  author =       "Zou, Zhichao, and Zihao Qu",
  title =        "{Using LSTM in Stock prediction and Quantitative Trading}",
  DOI =          "https://cs230.stanford.edu/projects_winter_2020/reports/32066186.pdf"
}

@online{FundamentalAnalysis,
  author = {Troy Segal},
  title = {Fundamental Analysis},
  year = 2021,
  journal = "Investopedia",
  url = {https://www.investopedia.com/terms/f/fundamentalanalysis.asp},
  urldate = {2022-03-31}
}

@online{DeepLearningFeedforward,
  author = {Tushar Gupta},
  title = {Deep Learning: Feedforward Neural Network},
  year = 2017,
  journal = "Towards Data Science",
  url = {https://towardsdatascience.com/deep-learning-feedforward-neural-network-26a6705dbdc7},
  urldate = {2022-03-31}
}

@article{LSTMModelForFinancialTimeSeries,
  author =       "Xuan Zhang et al",
  title =        "{AT-LSTM: An Attention-based LSTM Model for Financial Time Series Prediction}",
  year =         2019,
  journal =      "IOP Conf. Ser.: Mater. Sci. Eng.",
  volume =       569,
  DOI =          "https://iopscience.iop.org/article/10.1088/1757-899X/569/5/052037"
}

@online{StackedLSTM,
  author = {Jason Brownlee},
  title = {Stacked Long Short-Term Memory Networks},
  year = 2019,
  url = {https://machinelearningmastery.com/stacked-long-short-term-memory-networks/},
  urldate = {2022-04-01}
}

@article{LSTMMemoryLayers,
  title =        "{Using Long Short-Term Memory Layers (LSTM)}",
  author =       "Apple",
  journal =      "Apple Developer Documentation",
  DOI =          "https://developer.apple.com/documentation/accelerate/bnns/using_long_short-term_memory_layers_lstm"
}

@article{ReviewAndTaxonomyOfPredictionTechniques,
  title =        "{Stock Market Analysis: A Review and Taxonomy of Prediction Techniques}",
  author =       "{Shah, Isah \& Zulkernine}",
  year =         2019,
  journal =      "International Journal of Financial Studies",
  volume =       2019,
  number =       7,
  pages =        "1-22",
  DOI =          "https://www.mdpi.com/2227-7072/7/2/26"
}

@online{SentimentAnalysisConcept,
    title = {Sentiment Analysis: Concept, Analysis, and Applications},
    author = {Shashank Gupta},
    year = 2018,
    url = {https://towardsdatascience.com/sentiment-analysis-concept-analysis-and-applications-6c94d6f58c17},
    urldate = {2022-04-25}
}

@online{TypesOfRebalancingStrategies,
    title = {Types of Rebalancing Strategies},
    author = {Arthur Pinkasovitch},
    year = 2022,
    url = {https://www.investopedia.com/articles/stocks/11/rebalancing-strategies.asp#toc-what-is-a-percentage-of-portfolio-rebalancing-strategy},
    urldate = {2022-04-25}
}

@article{apple,
  title =        "{Using Long Short-Term Memory Layers (LSTM)}",
  author =       "Apple",
  journal =      "Apple Developer Documentation",
  DOI =          "https://developer.apple.com/documentation/accelerate/bnns/using_long_short-term_memory_layers_lstm"
}

@misc{sentimentanalysis,
    title = "{Sentiment Analysis Made Easy Using VADER}",
    author = "Falak Singh",
    journal = "Analytics India Magazine",
    year = {2020},
    month = {dec},
    note = {Last accessed December 4, 2022},
    url = {https://analyticsindiamag.com/sentiment-analysis-made-easy-using-vader/}
}

@misc{vadersentiment,
    title = {VADER: A Parsimonious Rule-based Model for Sentiment Analysis of Social Media Text},
    author = {C.J. Hutto and E.E. Gilbert},
    conference = {Eighth International Conference on Weblogs and Social Media (ICWSM-14)},
    location = {Ann Arbor, MI},
    year = {2014},
    month = {june}
}

@misc{multivariatePytorchLSTM,
    title = {Predicting the price of Bitcoin with multivariate Pytorch LSTMs},
    author = {Charlie O'Neill},
    journal = {Medium},
    year = {2021},
    month = {jan},
    note = {Last accessed December 5, 2022},
    url = {https://charlieoneill.medium.com/predicting-the-price-of-bitcoin-with-multivariate-pytorch-lstms-695bc294130}
}

@misc{mseWikipedia,
    title = {Mean squared error},
    journal = {Wikipedia: The Free Encyclopedia},
    note = {Last accessed December 5, 2022},
    url = {https://en.wikipedia.org/wiki/Mean_squared_error}
}

@misc{precisionandrecall,
    title = {Classification: Precision and Recall},
    journal = {Google Developers Machine Learning},
    year = {2022},
    month = {july},
    note = {Last accessed December 5, 2022},
    url = {https://developers.google.com/machine-learning/crash-course/classification/precision-and-recall}
}

@misc{lossfunctions,
    title = {Loss Functions and Their Use in Neural Networks},
    author = {Vishal Yathish},
    journal = {Towards Data Science},
    year = {2022},
    month = {aug},
    note = {Last accessed December 5, 2022},
    url = {https://towardsdatascience.com/loss-functions-and-their-use-in-neural-networks-a470e703f1e9}
}

@misc{streamlit,
    title = {A faster way to build and share data apps},
    publisher = {Streamlit Inc},
    year = {2022},
    note = {Last accessed December 5, 2022},
    url = {https://streamlit.io}
}

@misc{yfinance,
    title = {yfinance},
    year = {2022},
    month = {nov},
    note = {Last accessed December 5, 2022},
    url = {https://pypi.org/project/yfinance/}
}

@misc{algorithmictrading,
    title = {How to Improve Investment Portfolio with Rebalancing Strategy in Python},
    author = {Bee Guan Teo},
    year = {2021},
    month = {aug},
    journal = {Python in Plain English},
    publisher = {Medium},
    note = {Last accessed December 5, 2022},
    url = {https://python.plainenglish.io/how-to-improve-investment-portfolio-with-rebalancing-strategy-in-python-a58841ee8b5e}
}

@misc{PriceLSTMModel,
    title = {Cryptocurrency price prediction using LSTMs},
    author = {Venelin Valkov},
    year = {2019},
    month = {apr},
    journal = {Towards Data Science},
    publisher = {Medium},
    note = {Last accessed December 14, 2022},
    url = {https://towardsdatascience.com/cryptocurrency-price-prediction-using-lstms-tensorflow-for-hackers-part-iii-264fcdbccd3f}
}

@misc{SampleSentimentLSTMModel,
    title = {How can I create Multiple Input One Output LSTM Model with Keras?},
    publisher = {Stack Overflow},
    note = {Last accessed December 14, 2022},
    url = {https://stackoverflow.com/questions/59457567/how-can-i-create-multiple-input-one-output-lstm-model-with-keras}
}

@misc{SampleSentimentModel,
    title = {Stock Market Sentiment Analysis Using Python \& Machine Learning},
    journal = {Python For Finance},
    publisher = {YouTube},
    url = {https://www.youtube.com/watch?v=4OlvGGAsj8I}
}